<record><leader>00000cas a2200000 a 4500</leader><controlfield tag="001">1565804</controlfield><controlfield tag="008">750824d19681986nyudn ne      0    0eng c</controlfield><datafield ind1=" " ind2=" " tag="010"><subfield code="a">sn 86058012 </subfield></datafield><datafield ind1=" " ind2=" " tag="040"><subfield code="a">MUL</subfield><subfield code="b">eng</subfield><subfield code="c">MUL</subfield><subfield code="d">COO</subfield><subfield code="d">MUL</subfield><subfield code="d">NPI</subfield><subfield code="d">UNP</subfield><subfield code="d">NPA</subfield><subfield code="d">DLC</subfield><subfield code="d">NPA</subfield><subfield code="d">NST</subfield><subfield code="d">NJW</subfield><subfield code="d">NYS</subfield><subfield code="d">KNP</subfield><subfield code="d">NPH</subfield><subfield code="d">NSD</subfield><subfield code="d">DLC</subfield><subfield code="d">KNP</subfield><subfield code="d">MGN</subfield><subfield code="d">CNK</subfield><subfield code="d">CNW</subfield><subfield code="d">CNK</subfield><subfield code="d">NVF</subfield><subfield code="d">CVF</subfield><subfield code="d">DCN</subfield><subfield code="d">CVF</subfield><subfield code="d">DLC</subfield><subfield code="d">NYS</subfield><subfield code="d">NOC</subfield><subfield code="d">UKMGB</subfield><subfield code="d">NVF</subfield><subfield code="d">OCLCQ</subfield><subfield code="d">NVF</subfield><subfield code="d">OCLCF</subfield><subfield code="d">OCLCO</subfield></datafield><datafield ind1="7" ind2=" " tag="016"><subfield code="a">013914355</subfield><subfield code="2">Uk</subfield></datafield><datafield ind1=" " ind2=" " tag="022"><subfield code="a">0011-5533</subfield></datafield><datafield ind1="1" ind2=" " tag="029"><subfield code="a">AU@</subfield><subfield code="b">000004535243</subfield></datafield><datafield ind1=" " ind2=" " tag="041"><subfield code="a">eng</subfield><subfield code="a">spa</subfield></datafield><datafield ind1=" " ind2=" " tag="042"><subfield code="a">pcc</subfield></datafield><datafield ind1=" " ind2=" " tag="043"><subfield code="a">n-us-ny</subfield></datafield><datafield ind1="0" ind2="0" tag="050"><subfield code="a">Newspaper</subfield></datafield><datafield ind1=" " ind2="4" tag="050"><subfield code="a">HX1</subfield><subfield code="b">.D13</subfield></datafield><datafield ind1="0" ind2=" " tag="130"><subfield code="a">Daily world (New York, N.Y.)</subfield></datafield><datafield ind1="1" ind2="0" tag="245"><subfield code="a">Daily world.</subfield></datafield><datafield ind1="3" ind2="3" tag="246"><subfield code="a">Daily world preview</subfield></datafield><datafield ind1=" " ind2=" " tag="260"><subfield code="a">New York [N.Y.] :</subfield><subfield code="b">Long View Pub. Co.,</subfield><subfield code="c">1968-1986.</subfield></datafield><datafield ind1=" " ind2=" " tag="300"><subfield code="a">v. :</subfield><subfield code="b">ill. ;</subfield><subfield code="c">41 x 29 cm.</subfield></datafield><datafield ind1=" " ind2=" " tag="310"><subfield code="a">Daily (except Sunday, Monday, and major holidays)</subfield></datafield><datafield ind1="0" ind2=" " tag="362"><subfield code="a">Vol. 1, no. 1 (July 16, 1968)-v. 18, no. 218 (May 31, 1986).</subfield></datafield><datafield ind1=" " ind2=" " tag="500"><subfield code="a">"Only daily Marxist newspaper in the U.S.A.</subfield></datafield><datafield ind1=" " ind2=" " tag="515"><subfield code="a">Preview issue: Vol. 1, no. 0 (July 4, 1968).</subfield></datafield><datafield ind1=" " ind2=" " tag="515"><subfield code="a">Preview issue for People's daily world: May 1, 1986.</subfield></datafield><datafield ind1=" " ind2=" " tag="515"><subfield code="a">Issues for July 16, 1968-July 18, 1969 called also v. 33, no. 50-v. 33, no. 309.</subfield></datafield><datafield ind1=" " ind2=" " tag="525"><subfield code="a">Separately paged weekend supplements with title: World Magazine, &lt;1971-1973&gt;.</subfield></datafield><datafield ind1=" " ind2=" " tag="530"><subfield code="a">Available on microfilm: Graphic Microfilm Corp.; 3R Microfilm Service (March 1972- );</subfield><subfield code="b">University of Washington Libraries.</subfield></datafield><datafield ind1=" " ind2=" " tag="530"><subfield code="a">Also available via the World Wide Web.</subfield></datafield><datafield ind1=" " ind2=" " tag="546"><subfield code="a">Contains a Spanish section: Mundo Diario.</subfield></datafield><datafield ind1=" " ind2=" " tag="580"><subfield code="a">Merged with: People's world, to form: People's daily world (New York, N.Y. : 1986).</subfield></datafield><datafield ind1=" " ind2="0" tag="650"><subfield code="a">Communism</subfield><subfield code="z">United States</subfield><subfield code="v">Newspapers.</subfield></datafield><datafield ind1=" " ind2="0" tag="650"><subfield code="a">Labor movement</subfield><subfield code="v">Newspapers.</subfield></datafield><datafield ind1=" " ind2="0" tag="651"><subfield code="a">New York (N.Y.)</subfield><subfield code="v">Newspapers.</subfield></datafield><datafield ind1=" " ind2="0" tag="651"><subfield code="a">New York County (N.Y.)</subfield><subfield code="v">Newspapers.</subfield></datafield><datafield ind1=" " ind2="7" tag="655"><subfield code="a">Newspapers.</subfield><subfield code="2">fast</subfield><subfield code="0">(OCoLC)fst01423814</subfield></datafield><datafield ind1=" " ind2="7" tag="650"><subfield code="a">Communism.</subfield><subfield code="2">fast</subfield><subfield code="0">(OCoLC)fst00870421</subfield></datafield><datafield ind1=" " ind2="7" tag="650"><subfield code="a">Labor movement.</subfield><subfield code="2">fast</subfield><subfield code="0">(OCoLC)fst00990079</subfield></datafield><datafield ind1=" " ind2="7" tag="651"><subfield code="a">New York (State)</subfield><subfield code="z">New York.</subfield><subfield code="2">fast</subfield><subfield code="0">(OCoLC)fst01204333</subfield></datafield><datafield ind1=" " ind2="7" tag="651"><subfield code="a">New York (State)</subfield><subfield code="z">New York County.</subfield><subfield code="2">fast</subfield><subfield code="0">(OCoLC)fst01234953</subfield></datafield><datafield ind1=" " ind2="7" tag="651"><subfield code="a">United States.</subfield><subfield code="2">fast</subfield><subfield code="0">(OCoLC)fst01204155</subfield></datafield><datafield ind1=" " ind2=" " tag="752"><subfield code="a">United States</subfield><subfield code="b">New York</subfield><subfield code="c">New York</subfield><subfield code="d">New York.</subfield></datafield><datafield ind1="0" ind2="8" tag="776"><subfield code="i">Microfilm.</subfield><subfield code="s">Daily world (New York, N.Y.).</subfield><subfield code="t">Daily world,</subfield><subfield code="w">(DLC)sn 86058012</subfield><subfield code="w">(OCoLC)1565804</subfield></datafield><datafield ind1="0" ind2="8" tag="776"><subfield code="i">Electronic resource.</subfield><subfield code="s">Daily world (New York, N.Y.).</subfield><subfield code="t">Daily world,</subfield><subfield code="w">(OCoLC)61311178</subfield></datafield><datafield ind1="0" ind2="0" tag="780"><subfield code="t">Worker (New York, N.Y. : 1942)</subfield><subfield code="w">(DLC)sn 86071659</subfield><subfield code="w">(OCoLC)13777362</subfield></datafield><datafield ind1="1" ind2="7" tag="785"><subfield code="t">People's world</subfield><subfield code="w">(DLC)sn 82016135</subfield><subfield code="w">(OCoLC)9168021</subfield></datafield><datafield ind1="1" ind2="7" tag="785"><subfield code="t">People's daily world (New York, N.Y. : 1986)</subfield><subfield code="x">1052-2743</subfield><subfield code="w">(DLC)sn 86077178</subfield><subfield code="w">(OCoLC)13733648</subfield></datafield></record>